%% This BibTeX bibliography file was created using BibDesk.
%% https://bibdesk.sourceforge.io/
%% Created for Dienstlich at 2022-05-22 13:15:37 +0200 
%% Saved with string encoding Unicode (UTF-8) 
@article{branco,
  title={A survey of predictive modeling on imbalanced domains},
  author={Branco, Paula and Torgo, Lu{\'\i}s and Ribeiro, Rita P},
  journal={ACM computing surveys (CSUR)},
  volume={49},
  number={2},
  pages={1--50},
  year={2016},
  publisher={ACM New York, NY, USA}
}
@article{he2019,
  title={Learning from imbalanced data},
  author={He, Haibo and Garcia, Edwardo A},
  journal={IEEE Transactions on knowledge and data engineering},
  volume={21},
  number={9},
  pages={1263--1284},
  year={2009},
  publisher={Ieee}
}
@misc{chawla2014editorial,
  title={Editorial: Special Issue on Learning from Imbalanced Data Sets, SIGKDD Explor},
  author={Chawla, Nitesh and Japkowicz, N and Kotcz, A},
  year={2014},
  publisher={Newsl}
}
@article{chawla2002smote,
  title={SMOTE: synthetic minority over-sampling technique},
  author={Chawla, Nitesh and Bowyer, Kevin W and Hall, Lawrence O and Kegelmeyer, W Philip},
  journal={Journal of artificial intelligence research},
  volume={16},
  pages={321--357},
  year={2002}
}
@article{menardi2014,
  title={Training and assessing classification rules with imbalanced data},
  author={Menardi, Giovanna and Torelli, Nicola},
  journal={Data mining and knowledge discovery},
  volume={28},
  pages={92--122},
  year={2014},
  publisher={Springer}
}
@article{hastie2014,
  title={Local case-control sampling: Efficient subsampling in imbalanced data sets},
  author={Fithian, William and Hastie, Trevor},
  journal={Annals of statistics},
  volume={42},
  number={5},
  pages={1693},
  year={2014},
  publisher={NIH Public Access}
}
@article{woods1993,
  title={Comparative evaluation of pattern recognition techniques for detection of microcalcifications in mammography},
  author={Woods, Kevin S and Doss, Christopher C and Bowyer, Kevin W and Solka, Jeffrey L and Priebe, Carey E and Kegelmeyer Jr, W Philip},
  journal={International Journal of Pattern Recognition and Artificial Intelligence},
  volume={7},
  number={06},
  pages={1417--1436},
  year={1993},
  publisher={World Scientific}
}
@inproceedings{prati2004class,
  title={Class imbalances versus class overlapping: an analysis of a learning system behavior},
  author={Prati, Ronaldo C and Batista, Gustavo EAPA and Monard, Maria Carolina},
  booktitle={MICAI 2004: Advances in Artificial Intelligence: Third Mexican International Conference on Artificial Intelligence, Mexico City, Mexico, April 26-30, 2004. Proceedings 3},
  pages={312--321},
  year={2004},
  organization={Springer}
}
@article{king2001logistic,
  title={Logistic regression in rare events data},
  author={King, Gary and Zeng, Langche},
  journal={Political analysis},
  volume={9},
  number={2},
  pages={137--163},
  year={2001},
  publisher={Cambridge University Press}
}
@article{maalouf2011logistic,
  title={Logistic regression in data analysis: an overview},
  author={Maalouf, Maher},
  journal={International Journal of Data Analysis Techniques and Strategies},
  volume={3},
  number={3},
  pages={281--299},
  year={2011},
  publisher={Inderscience Publishers Ltd}
}
@article{japkowicz2002class,
  title={The class imbalance problem: A systematic study},
  author={Japkowicz, Nathalie and Stephen, Shaju},
  journal={Intelligent data analysis},
  volume={6},
  number={5},
  pages={429--449},
  year={2002},
  publisher={IOS Press}
}
@article{weiss2004mining,
  title={Mining with rarity: a unifying framework},
  author={Weiss, Gary M},
  journal={ACM Sigkdd Explorations Newsletter},
  volume={6},
  number={1},
  pages={7--19},
  year={2004},
  publisher={ACM New York, NY, USA}
}
@article{openml,
  title={OpenML: networked science in machine learning},
  author={Vanschoren, Joaquin and Van Rijn, Jan N and Bischl, Bernd and Torgo, Luis},
  journal={ACM SIGKDD Explorations Newsletter},
  volume={15},
  number={2},
  pages={49--60},
  year={2014},
  publisher={ACM New York, NY, USA}
}
@book{rothman2008modern,
  title={Modern epidemiology},
  author={Rothman, Kenneth J and Greenland, Sander and Lash, Timothy L and others},
  volume={3},
  year={2008},
  publisher={Wolters Kluwer Health/Lippincott Williams \& Wilkins Philadelphia}
}
@article{greenland1981multivariate,
  title={Multivariate estimation of exposure-specific incidence from case-control studies},
  author={Greenland, Sander},
  journal={Journal of chronic diseases},
  volume={34},
  number={9-10},
  pages={445--453},
  year={1981},
  publisher={Elsevier}
}
@article{rose2008note,
  title={A note on risk prediction for case-control studies},
  author={Rose, Sherri and van der Laan, Mark J},
  year={2008},
  publisher={bepress}
}
@article{prentice1979,
  title={Logistic disease incidence models and case-control studies},
  author={Prentice, Ross L and Pyke, Ronald},
  journal={Biometrika},
  volume={66},
  number={3},
  pages={403--411},
  year={1979},
  publisher={Oxford University Press}
}
@article{rose2008,
  title={Simple optimal weighting of cases and controls in case-control studies},
  author={Rose, Sherri and van der Laan, Mark J},
  journal={The International Journal of Biostatistics},
  volume={4},
  number={1},
  year={2008},
  publisher={De Gruyter}
}

@Manual{R,
    title = {R: A Language and Environment for Statistical Computing},
    author = {{R Core Team}},
    organization = {R Foundation for Statistical Computing},
    address = {Vienna, Austria},
    year = {2021},
    url = {https://www.R-project.org/},
}

@Manual{wesanderson,
    title = {wesanderson: A Wes Anderson Palette Generator},
    author = {Karthik Ram and Hadley Wickham},
    year = {2018},
    note = {R package version 0.3.6},
    url = {https://CRAN.R-project.org/package=wesanderson},
}
@article{yu2023,
  title={A review on design inspired subsampling for big data},
  author={Yu, Jun and Ai, Mingyao and Ye, Zhiqiang},
  journal={Statistical Papers},
  pages={1--44},
  year={2023},
  publisher={Springer}
}
@article{obrien2019,
  title={A random forests quantile classifier for class imbalanced data},
  author={O’Brien, Robert and Ishwaran, Hemant},
  journal={Pattern recognition},
  volume={90},
  pages={232--249},
  year={2019},
  publisher={Elsevier}
}
@book{montesinos2022multivariate,
  title={Multivariate statistical machine learning methods for genomic prediction},
  author={Montesinos, Osval  and Montesinos, Abelardo and Crossa, Jos{\'e}},
  year={2022},
  publisher={Springer Nature}
}
@article{mccullagh1989,
  title={Generalized linear models, volume 37 of},
  author={McCullagh, Peter and Nelder, John A},
  journal={Monographs on statistics and applied probability},
  year={1989}
}
@book{hastie2009elements,
  title={The elements of statistical learning: data mining, inference, and prediction},
  author={Hastie, Trevor and Tibshirani, Robert and Friedman, Jerome H and Friedman, Jerome H},
  volume={2},
  year={2009},
  publisher={Springer}
}
@article{han2020local,
  title={Local uncertainty sampling for large-scale multiclass logistic regression},
  author={Han, Lei and Tan, Kean Ming and Yang, Ting and Zhang, Tong},
  journal={The Annals of Statistics},
  volume={48},
  number={3},
  pages={1770 -- 1788},
  year={2020},
  publisher={Institute of Mathematical Statistics}
}
@article{wang2018optimal,
  title={Optimal subsampling for large sample logistic regression},
  author={Wang, HaiYing and Zhu, Rong and Ma, Ping},
  journal={Journal of the American Statistical Association},
  volume={113},
  number={522},
  pages={829--844},
  year={2018},
  publisher={Taylor \& Francis}
}
@article{koh2007,
  title={An interior-point method for large-scale l1-regularized logistic regression},
  author={Koh, Kwangmoo and Kim, Seung-Jean and Boyd, Stephen},
  journal={Journal of Machine learning research},
  volume={8},
  number={Jul},
  pages={1519--1555},
  year={2007}
}
@inproceedings{wang2020rare,
  title={Logistic regression for massive data with rare events},
  author={Wang, HaiYing},
  booktitle={International Conference on Machine Learning},
  pages={9829--9836},
  year={2020},
  organization={PMLR}
}
@article{wang2019information,
  title={Information-based optimal subdata selection for big data linear regression},
  author={Wang, HaiYing and Yang, Min and Stufken, John},
  journal={Journal of the American Statistical Association},
  volume={114},
  number={525},
  pages={393--405},
  year={2019},
  publisher={Taylor \& Francis}
}
@article{wang2019moreefficient,
  title={More efficient estimation for logistic regression with optimal subsamples},
  author={Wang, HaiYing},
  journal={Journal of machine learning research},
  volume={20},
  year={2019}
}
@article{cheng2020,
  title={Information-based optimal subdata selection for big data logistic regression},
  author={Cheng, Qianshun and Wang, HaiYing and Yang, Min},
  journal={Journal of Statistical Planning and Inference},
  volume={209},
  pages={112--122},
  year={2020},
  publisher={Elsevier}
}
@article{yao2021review,
  title={A review on optimal subsampling methods for massive datasets},
  author={Yao, Yaqiong and Wang, HaiYing},
  journal={Journal of Data Science},
  volume={19},
  number={1},
  pages={151--172},
  year={2021},
  publisher={中華資料採礦協會}
}
@article{scott1986,
  title={Fitting logistic models under case-control or choice based sampling},
  author={Scott, Alastair and Wild, Chris},
  journal={Journal of the Royal Statistical Society: Series B (Methodological)},
  volume={48},
  number={2},
  pages={170--182},
  year={1986},
  publisher={Wiley Online Library}
}
@article{rose2008,
  title={Simple optimal weighting of cases and controls in case-control studies},
  author={Rose, Sherri and van der Laan, Mark J},
  journal={The International Journal of Biostatistics},
  volume={4},
  number={1},
  year={2008},
  publisher={De Gruyter}
}
@article{imbens1996,
  title={Case-control studies with contaminated controls},
  author={Lancaster, Tony and Imbens, Guido},
  journal={Journal of Econometrics},
  volume={71},
  number={1-2},
  pages={145--160},
  year={1996},
  publisher={Elsevier}
}
@article{lee2020economics,
  title={An econometric perspective on algorithmic subsampling},
  author={Lee, Sokbae and Ng, Serena},
  journal={Annual Review of Economics},
  volume={12},
  pages={45--80},
  year={2020},
  publisher={Annual Reviews}
}
@article{xie1989,
  title={The logit model and response-based samples},
  author={Xie, Yu and Manski, Charles F},
  journal={Sociological Methods \& Research},
  volume={17},
  number={3},
  pages={283--302},
  year={1989},
  publisher={Sage Publications}
}
@book{borgan2018handbook,
  title={Handbook of statistical methods for case-control studies},
  author={Borgan, {\O}rnulf and Breslow, Norman and Chatterjee, Nilanjan and Gail, Mitchell H and Scott, Alastair and Wild, Chris J},
  year={2018},
  publisher={CRC Press}
}
@article{anderson1972,
  title={Separate sample logistic discrimination},
  author={Anderson, James A},
  journal={Biometrika},
  volume={59},
  number={1},
  pages={19--35},
  year={1972},
  publisher={Oxford University Press}
}
@article{manski1977estimation,
  title={The estimation of choice probabilities from choice based samples},
  author={Manski, Charles F and Lerman, Steven R},
  journal={Econometrica: Journal of the Econometric Society},
  pages={1977--1988},
  year={1977},
  publisher={JSTOR}
}
@article{scott2002,
  title={On the robustness of weighted methods for fitting models to case--control data},
  author={Scott, Alastair and Wild, Chris},
  journal={Journal of the Royal Statistical Society: Series B (Statistical Methodology)},
  volume={64},
  number={2},
  pages={207--219},
  year={2002},
  publisher={Wiley Online Library}
}
@article{elliott2000,
  title={Model-based alternatives to trimming survey weights},
  author={Elliott, Michael R and Little, Roderick JA},
  journal={Journal of Official Statistics Stockholm},
  volume={16},
  number={3},
  pages={191--210},
  year={2000},
  publisher={ALMQVIST \& WIKSELL INTERNATIONAL}
}
@article{overton1995horvitz,
  title={The Horvitz-Thompson theorem as a unifying perspective for probability sampling: with examples from natural resource sampling},
  author={Overton, W Scott and Stehman, Stephen V},
  journal={The American Statistician},
  volume={49},
  number={3},
  pages={261--268},
  year={1995},
  publisher={Taylor \& Francis}
}
@article{li2011,
  title={Weighting methods for population-based case--control studies with complex sampling},
  author={Li, Yan and Graubard, Barry I and DiGaetano, Ralph},
  journal={Journal of the Royal Statistical Society: Series C (Applied Statistics)},
  volume={60},
  number={2},
  pages={165--185},
  year={2011},
  publisher={Wiley Online Library}
}
@techreport{einbeck2005weighted,
  title={On weighted local fitting and its relation to the Horvitz-Thompson estimator},
  author={Einbeck, Jochen and Augustin, Thomas},
  year={2005},
  institution={Discussion Paper}
}
@misc{basu1971,
  title={An essay on the logical foundations of survey sampling, Part I. Foundations of Statistical Inferences, VP Godambe and DA Sprott},
  author={Basu, D},
  year={1971},
  publisher={Holt, Rinehart and Winston, Toronto, Canada}
}
@article{wang2023subsampling,
  title={Subsampling in Longitudinal Models},
  author={Wang, Ziyang and Wang, HaiYing and Ravishanker, Nalini},
  journal={Methodology and Computing in Applied Probability},
  volume={25},
  number={1},
  pages={35},
  year={2023},
  publisher={Springer}
}
@article{poulos2018,
  title={Missing data imputation for supervised learning},
  author={Poulos, Jason and Valle, Rafael},
  journal={Applied Artificial Intelligence},
  volume={32},
  number={2},
  pages={186--196},
  year={2018},
  publisher={Taylor \& Francis}
}
@misc{misc_adult_2,
  author       = {Becker,Barry and Kohavi,Ronny},
  title        = {{Adult}},
  year         = {1996},
  howpublished = {UCI Machine Learning Repository},
  note         = {{DOI}: https://doi.org/10.24432/C5XW20}
}
@article{ding2021retiring,
  title={Retiring adult: New datasets for fair machine learning},
  author={Ding, Frances and Hardt, Moritz and Miller, John and Schmidt, Ludwig},
  journal={Advances in neural information processing systems},
  volume={34},
  pages={6478--6490},
  year={2021}
}
@book{politis1999subsampling,
  title={Subsampling},
  author={Politis, Dimitris N and Romano, Joseph P and Wolf, Michael},
  year={1999},
  publisher={Springer Science \& Business Media}
}
@article{bickel2008choice,
  title={On the choice of m in the m out of n bootstrap and confidence bounds for extrema},
  author={Bickel, Peter J and Sakov, Anat},
  journal={Statistica Sinica},
  pages={967--985},
  year={2008},
  publisher={JSTOR}
}
@article{ahfock2021statistical,
  title={Statistical properties of sketching algorithms},
  author={Ahfock, Daniel C and Astle, William J and Richardson, Sylvia},
  journal={Biometrika},
  volume={108},
  number={2},
  pages={283--297},
  year={2021},
  publisher={Oxford University Press}
}
@article{li2013statistical,
  title={Statistical inference in massive data sets},
  author={Li, Runze and Lin, Dennis KJ and Li, Bing},
  journal={Applied Stochastic Models in Business and Industry},
  volume={29},
  number={5},
  pages={399--409},
  year={2013},
  publisher={Wiley Online Library}
}
@article{ng2017opportunities,
  title={Opportunities and challenges: Lessons from analyzing terabytes of scanner data},
  author={Ng, Serena},
  year={2017},
  publisher={National Bureau of Economic Research}
}
@article{fan2014challenges,
  title={Challenges of big data analysis},
  author={Fan, Jianqing and Han, Fang and Liu, Han},
  journal={National science review},
  volume={1},
  number={2},
  pages={293--314},
  year={2014},
  publisher={Oxford University Press}
}
@article{einav2014data,
  title={The data revolution and economic analysis},
  author={Einav, Liran and Levin, Jonathan},
  journal={Innovation Policy and the Economy},
  volume={14},
  number={1},
  pages={1--24},
  year={2014},
  publisher={University of Chicago Press Chicago, IL}
}
@article{shen2021surprise,
  title={Surprise sampling: Improving and extending the local case-control sampling},
  author={Shen, Xinwei and Chen, Kani and Yu, Wen},
  year={2021}
}